@Article{Bray_2012,
  doi = {10.1001/jama.2011.1918},
  url = {http://dx.doi.org/10.1001/jama.2011.1918},
  year = {2012},
  month = {jan},
  publisher = {American Medical Association ({AMA})},
  volume = {307},
  number = {1},
  pages = {47},
  author = {George A. Bray and Steven R. Smith and Lilian {de Jonge} and Hui Xie and Jennifer Rood and Corby K. Martin and Marlene Most and Courtney Brock and Susan Mancuso and Leanne M. Redman},
  title = {Effect of Dietary Protein Content on Weight Gain, Energy Expenditure, and Body Composition During Overeating},
  journal = {{JAMA}},
}

@Article{Ebbeling_2012,
  doi = {10.1001/jama.2012.6607},
  url = {http://dx.doi.org/10.1001/jama.2012.6607},
  year = {2012},
  month = {jun},
  publisher = {American Medical Association ({AMA})},
  volume = {307},
  number = {24},
  author = {Cara B. Ebbeling and Janis F. Swain and Henry A. Feldman and William W. Wong and David L. Hachey and Erica Garcia-Lago and David S. Ludwig},
  title = {Effects of Dietary Composition on Energy Expenditure During Weight-Loss Maintenance},
  journal = {{JAMA}},
}

@Article{Bray_2015,
  doi = {10.3945/ajcn.114.091769},
  url = {http://dx.doi.org/10.3945/ajcn.114.091769},
  year = {2015},
  month = {jan},
  publisher = {American Society for Nutrition},
  volume = {101},
  number = {3},
  pages = {496--505},
  author = {G. A. Bray and L. M. Redman and L. {de Jonge} and J. Covington and J. Rood and C. Brock and S. Mancuso and C. K. Martin and S. R. Smith},
  title = {Effect of protein overfeeding on energy expenditure measured in a metabolic chamber},
  journal = {American Journal of Clinical Nutrition},
}
