@Article{Almagro_Armenteros_2019,
  doi = {10.1038/s41587-019-0036-z},
  url = {https://doi.org/10.1038/s41587-019-0036-z},
  year = {2019},
  month = {feb},
  publisher = {Springer Science and Business Media {LLC}},
  volume = {37},
  number = {4},
  pages = {420--423},
  author = {Jos{\a'e} Juan Almagro Armenteros and Konstantinos D. Tsirigos and Casper Kaae S{\o}nderby and Thomas Nordahl Petersen and Ole Winther and S{\o}ren Brunak and Gunnar {von Heijne} and Henrik Nielsen},
  title = {{SignalP} 5.0 improves signal peptide predictions using deep neural networks},
  journal = {Nature Biotechnology},
}

@Article{Uhlen_2015,
  doi = {10.1126/science.1260419},
  url = {https://doi.org/10.1126/science.1260419},
  year = {2015},
  month = {jan},
  publisher = {American Association for the Advancement of Science ({AAAS})},
  volume = {347},
  number = {6220},
  pages = {1260419--1260419},
  author = {M. Uhlen and L. Fagerberg and B. M. Hallstrom and C. Lindskog and P. Oksvold and A. Mardinoglu and A. Sivertsson and C. Kampf and E. Sjostedt and A. Asplund and I. Olsson and K. Edlund and E. Lundberg and S. Navani and C. A.-K. Szigyarto and J. Odeberg and D. Djureinovic and J. O. Takanen and S. Hober and T. Alm and P.-H. Edqvist and H. Berling and H. Tegel and J. Mulder and J. Rockberg and P. Nilsson and J. M. Schwenk and M. Hamsten and K. {von Feilitzen} and M. Forsberg and L. Persson and F. Johansson and M. Zwahlen and G. {von Heijne} and J. Nielsen and F. Ponten},
  title = {Tissue-based map of the human proteome},
  journal = {Science},
}
